<?xml version="1.0" encoding="UTF-8"?><collection xmlns="http://www.loc.gov/MARC21/slim"><record><leader>00582nam--2200169-i-4500</leader><controlfield tag="001">000010842</controlfield><controlfield tag="002">20161230</controlfield><controlfield tag="005">20161230201029</controlfield><controlfield tag="008">060222s1000------------r-----000-0-eng-d</controlfield><datafield ind1=" " ind2=" " tag="040"><subfield code="a">IFIN-HH</subfield></datafield><datafield ind1=" " ind2=" " tag="080"><subfield code="a">517.9:62:53</subfield></datafield><datafield ind1="1" ind2=" " tag="100"><subfield code="a">Denman, Eugene</subfield></datafield><datafield ind1="1" ind2="0" tag="245"><subfield code="a">Modern analytic and computational method in science and mathematics. number 27. coupled modes in plasmas, elastic media and parametric amplifiers. a numerical method</subfield><subfield code="c">Eugene denman</subfield></datafield><datafield ind1=" " ind2=" " tag="260"><subfield code="a">New York</subfield><subfield code="b">American Elsevier, Publ.Co., Inc</subfield><subfield code="c">1970</subfield></datafield><datafield ind1=" " ind2=" " tag="300"><subfield code="a">236P</subfield></datafield><datafield ind1=" " ind2=" " tag="852"><subfield code="a">21146</subfield><subfield code="c">53.02</subfield></datafield><datafield ind1=" " ind2=" " tag="CAT"><subfield code="a">Sys</subfield><subfield code="c">20151020</subfield><subfield code="h">114635</subfield></datafield></record></collection>